%% This BibTeX bibliography file was created using BibDesk.
%% http://bibdesk.sourceforge.net/


%% Created for Alexander Hermann at 2016-04-25 00:05:46 +0200 


%% Saved with string encoding Unicode (UTF-8) 



@book{stocker1999taschenbuch,
	Address = {Frankfurt am Main},
	Author = {St{\"o}cker, Horst},
	Date-Added = {2016-04-24 22:00:10 +0000},
	Date-Modified = {2016-04-24 22:03:47 +0000},
	Keywords = {Mathematik},
	Publisher = {Wissenschaftlicher Harri Deutsch GmbH},
	Title = {Taschenbuch mathematischer Formeln und moderner Verfahren},
	Year = {1999}}

@url{zs:ab:2015,
	Author = {Br{\"u}nner, Arndt},
	Date-Added = {2016-04-24 18:29:36 +0000},
	Date-Modified = {2016-04-24 21:47:28 +0000},
	Keywords = {Zahlen; Zahlensysteme; Mathematik;},
	Lastchecked = {2016-04-24},
	Month = {12},
	Rating = {5},
	Read = {1},
	Title = {Umrechnung von Zahlensystemen},
	Url = {http://www.arndt-bruenner.de/mathe/scripts/Zahlensysteme.htm},
	Urldate = {2016-04-24},
	Year = {2015},
	Bdsk-Url-1 = {http://www.arndt-bruenner.de/mathe/scripts/Zahlensysteme.htm}}
